@Misc{BerliOS,
  author = {{BerliOS}},
  title = {{BerliOS Site Documentation}},
  howpublished = {\url{http://developer.berlios.de/docs/site/}},
  year = 2002,
}

@Misc{Ant2002,
  author = {{Apache Software Foundation}},
  title = {{Apache Ant 1.5} Manual},
  howpublished = {\url{http://jakarta.apache.org/ant/manual/index.html}},
  month = may,
  year = 2002,
  note = {Version 1.15.2.2}
}


@Misc{OpenSourceLicences,
  author = {{Open Source Initiative}},
  title = {{The Approved Licenses}},
  howpublished = {\url{http://www.opensource.org/licenses/}},
  year = 2002,

}

@Misc{LGPL,
  author = {{Free Software Foundation, Inc.}},
  title = {{GNU Lesser Public License}},
  howpublished = {\url{http://www.opensource.org/licenses/lgpl-license.php}},
  year = 1999,
  month = may,
  note = {Version 2.1,}
}

@Misc{GPL,
  author = {{Free Software Foundation, Inc.}},
  title = {{The GNU General Public License (GPL)}},
  howpublished = {\url{http://www.opensource.org/licenses/gpl-license.php}},
  year = 1991,
  month = june,
  note = {Version 2,}
}
