@Misc{BerliOS,
  author = {{BerliOS}},
  title = {{BerliOS Site Documentation}},
  howpublished = {\url{http://developer.berlios.de/docs/site/}},
  year = 2002,
}

@Misc{ANT2002,
  author = {{Apache Software Foundation}},
  title = {{Apache Ant 1.5} Manual},
  howpublished = {\url{http://jakarta.apache.org/ant/manual/index.html}},
  month = may,
  year = 2002,
  note = {Version 1.15.2.2}
}


@Misc{OSI2002,
  author = {{Open Source Initiative}},
  title = {{The Approved Licenses}},
  howpublished = {\url{http://www.opensource.org/licenses/}},
  year = 2002,

}

@Misc{LGPL1999,
  author = {{Free Software Foundation, Inc.}},
  title = {{GNU Lesser Public License}},
  howpublished = {\url{http://www.opensource.org/licenses/lgpl-license.php}},
  year = 1999,
  month = may,
  note = {Version 2.1,}
}

@Misc{GPL1991,
  author = {{Free Software Foundation, Inc.}},
  title = {{The GNU General Public License (GPL)}},
  howpublished = {\url{http://www.opensource.org/licenses/gpl-license.php}},
  year = 1991,
  month = jun,
  note = {Version 2,}
}

@Misc{MUMIE,
    author = {{Dominik Eberlein, Andreas Hoffmann}},
    title ={{Die Mumie - Projekthomepage}},
    howpublished = {\url{http://www.mumie.org/}},
}

@Misc{FOGEL2000,
  author = {{Karl Fogel}},
  title = {{Open Source Development with CVS}},
  howpublished = {\url{http://cvsbook.red-bean.com/}},
  year = 2000,
  month = jun,
  note = {Version 1.2}
}
